<record><leader>00000cas a22000007a 4500</leader><controlfield tag="001">20801306</controlfield><controlfield tag="008">891219u1985uuuupr sr ne      0    0spa d</controlfield><datafield ind1=" " ind2=" " tag="010"><subfield code="a">sn 89078431 </subfield></datafield><datafield ind1=" " ind2=" " tag="040"><subfield code="a">PNN</subfield><subfield code="b">eng</subfield><subfield code="c">PNN</subfield><subfield code="d">OCL</subfield><subfield code="d">OCLCQ</subfield></datafield><datafield ind1=" " ind2=" " tag="042"><subfield code="a">msc</subfield></datafield><datafield ind1="0" ind2="3" tag="245"><subfield code="a">El expreso.</subfield></datafield><datafield ind1=" " ind2=" " tag="260"><subfield code="a">Levitown, P.R. :</subfield><subfield code="b">Express Communications &amp; Public Relations of P.R. Inc.</subfield></datafield><datafield ind1=" " ind2=" " tag="300"><subfield code="a">v.</subfield></datafield><datafield ind1=" " ind2=" " tag="310"><subfield code="a">Semimonthly</subfield></datafield><datafield ind1="1" ind2=" " tag="362"><subfield code="a">Began in 1985.</subfield></datafield><datafield ind1=" " ind2=" " tag="500"><subfield code="a">"Se distribuye en Catan&#771;o, Dorado, Toa Baja, Levitown y a&#769;reas adyacentes."</subfield></datafield><datafield ind1=" " ind2=" " tag="500"><subfield code="a">"Perio&#769;dico regional."</subfield></datafield><datafield ind1=" " ind2=" " tag="588"><subfield code="a">Description based on: An&#771;o 1, vol. 2 (16 al 31 de oct. de 1985).</subfield></datafield><datafield ind1=" " ind2=" " tag="752"><subfield code="a">United States</subfield><subfield code="b">Puerto Rico</subfield><subfield code="d">Catan&#771;o.</subfield></datafield><datafield ind1=" " ind2=" " tag="752"><subfield code="a">United States</subfield><subfield code="b">Puerto Rico</subfield><subfield code="d">Dorado.</subfield></datafield><datafield ind1=" " ind2=" " tag="752"><subfield code="a">United States</subfield><subfield code="b">Puerto Rico</subfield><subfield code="d">Toa Baja.</subfield></datafield></record>